@inproceedings{erdogan2010sequence,
  title={Sequence labeling: Generative and discriminative approaches},
  author={Erdogan, Hakan},
  booktitle={Proc. 9th Int. Conf. Mach. Learn. Appl.},
  pages={1--132},
  year={2010}
}

@article{sarawagi2004semi,
  title={Semi-markov conditional random fields for information extraction},
  author={Sarawagi, Sunita and Cohen, William W},
  journal={Advances in neural information processing systems},
  volume={17},
  year={2004}
}

@article{passos2014lexicon,
  title={Lexicon infused phrase embeddings for named entity resolution},
  author={Passos, Alexandre and Kumar, Vineet and McCallum, Andrew},
  journal={arXiv preprint arXiv:1404.5367},
  year={2014}
}

@article{durrett2014joint,
  title={A joint model for entity analysis: Coreference, typing, and linking},
  author={Durrett, Greg and Klein, Dan},
  journal={Transactions of the association for computational linguistics},
  volume={2},
  pages={477--490},
  year={2014},
  publisher={MIT Press}
}

@inproceedings{luo2015joint,
  title={Joint entity recognition and disambiguation},
  author={Luo, Gang and Huang, Xiaojiang and Lin, Chin-Yew and Nie, Zaiqing},
  booktitle={Proceedings of the 2015 Conference on Empirical Methods in Natural Language Processing},
  pages={879--888},
  year={2015}
}

@inproceedings{suzuki2011learning,
  title={Learning condensed feature representations from large unsupervised data sets for supervised learning},
  author={Suzuki, Jun and Isozaki, Hideki and Nagata, Masaaki},
  booktitle={Proceedings of the 49th Annual Meeting of the Association for Computational Linguistics: Human Language Technologies},
  pages={636--641},
  year={2011}
}

@inproceedings{lin2009phrase,
  title={Phrase clustering for discriminative learning},
  author={Lin, Dekang and Wu, Xiaoyun},
  booktitle={Proceedings of the Joint Conference of the 47th Annual Meeting of the ACL and the 4th International Joint Conference on Natural Language Processing of the AFNLP},
  pages={1030--1038},
  year={2009}
}


@inproceedings{ratinov2009design,
  title={Design challenges and misconceptions in named entity recognition},
  author={Ratinov, Lev and Roth, Dan},
  booktitle={Proceedings of the thirteenth conference on computational natural language learning (CoNLL-2009)},
  pages={147--155},
  year={2009}
}

@inproceedings{collobert2008unified,
  title={A unified architecture for natural language processing: Deep neural networks with multitask learning},
  author={Collobert, Ronan and Weston, Jason},
  booktitle={Proceedings of the 25th international conference on Machine learning},
  pages={160--167},
  year={2008}
}

@article{collobert2011natural,
  title={Natural language processing (almost) from scratch},
  author={Collobert, Ronan and Weston, Jason and Bottou, L{\'e}on and Karlen, Michael and Kavukcuoglu, Koray and Kuksa, Pavel},
  journal={Journal of machine learning research},
  volume={12},
  number={ARTICLE},
  pages={2493--2537},
  year={2011}
}

@inproceedings{kim2016character,
  title={Character-aware neural language models},
  author={Kim, Yoon and Jernite, Yacine and Sontag, David and Rush, Alexander},
  booktitle={Proceedings of the AAAI conference on artificial intelligence},
  volume={30},
  number={1},
  year={2016}
}

@article{kalchbrenner2014convolutional,
  title={A convolutional neural network for modelling sentences},
  author={Kalchbrenner, Nal and Grefenstette, Edward and Blunsom, Phil},
  journal={arXiv preprint arXiv:1404.2188},
  year={2014}
}

@article{graves2012long,
  title={Long short-term memory},
  author={Graves, Alex and Graves, Alex},
  journal={Supervised sequence labelling with recurrent neural networks},
  pages={37--45},
  year={2012},
  publisher={Springer}
}

@article{lample2016neural,
  title={Neural architectures for named entity recognition},
  author={Lample, Guillaume and Ballesteros, Miguel and Subramanian, Sandeep and Kawakami, Kazuya and Dyer, Chris},
  journal={arXiv preprint arXiv:1603.01360},
  year={2016}
}

@article{graves2005framewise,
  title={Framewise phoneme classification with bidirectional LSTM and other neural network architectures},
  author={Graves, Alex and Schmidhuber, J{\"u}rgen},
  journal={Neural networks},
  volume={18},
  number={5-6},
  pages={602--610},
  year={2005},
  publisher={Elsevier}
}

@article{bengio1994learning,
  title={Learning long-term dependencies with gradient descent is difficult},
  author={Bengio, Yoshua and Simard, Patrice and Frasconi, Paolo},
  journal={IEEE transactions on neural networks},
  volume={5},
  number={2},
  pages={157--166},
  year={1994},
  publisher={IEEE}
}

@article{bahdanau2014neural,
  title={Neural machine translation by jointly learning to align and translate},
  author={Bahdanau, Dzmitry and Cho, Kyunghyun and Bengio, Yoshua},
  journal={arXiv preprint arXiv:1409.0473},
  year={2014}
}


@article{mikolov2013efficient,
  title={Efficient estimation of word representations in vector space},
  author={Mikolov, Tomas and Chen, Kai and Corrado, Greg and Dean, Jeffrey},
  journal={arXiv preprint arXiv:1301.3781},
  year={2013}
}

@inproceedings{pennington2014glove,
  title={Glove: Global vectors for word representation},
  author={Pennington, Jeffrey and Socher, Richard and Manning, Christopher D},
  booktitle={Proceedings of the 2014 conference on empirical methods in natural language processing (EMNLP)},
  pages={1532--1543},
  year={2014}
}

@article{santos2015boosting,
  title={Boosting named entity recognition with neural character embeddings},
  author={Santos, Cicero Nogueira dos and Guimaraes, Victor},
  journal={arXiv preprint arXiv:1505.05008},
  year={2015}
}

@article{ma2016end,
  title={End-to-end sequence labeling via bi-directional lstm-cnns-crf},
  author={Ma, Xuezhe and Hovy, Eduard},
  journal={arXiv preprint arXiv:1603.01354},
  year={2016}
}

@inproceedings{zheng2013deep,
  title={Deep learning for Chinese word segmentation and POS tagging},
  author={Zheng, Xiaoqing and Chen, Hanyang and Xu, Tianyu},
  booktitle={Proceedings of the 2013 conference on empirical methods in natural language processing},
  pages={647--657},
  year={2013}
}

@article{ballesteros2015improved,
  title={Improved transition-based parsing by modeling characters instead of words with LSTMs},
  author={Ballesteros, Miguel and Dyer, Chris and Smith, Noah A},
  journal={arXiv preprint arXiv:1508.00657},
  year={2015}
}

@inproceedings{chen2015joint,
  title={Joint learning of character and word embeddings},
  author={Chen, Xinxiong and Xu, Lei and Liu, Zhiyuan and Sun, Maosong and Luan, Huanbo},
  booktitle={Twenty-fourth international joint conference on artificial intelligence},
  year={2015}
}

@article{zhang2021dive,
    title={Dive into Deep Learning},
    author={Zhang, Aston and Lipton, Zachary C. and Li, Mu and Smola, Alexander J.},
    journal={arXiv preprint arXiv:2106.11342},
    year={2021}
}

@article{zhu2019can,
  title={CAN-NER: Convolutional attention network for Chinese named entity recognition},
  author={Zhu, Yuying and Wang, Guoxin and Karlsson, B{\"o}rje F},
  journal={arXiv preprint arXiv:1904.02141},
  year={2019}
}

% 数据集
@inproceedings{levow-2006-third,
  title = {The Third International {C}hinese Language Processing Bakeoff: Word Segmentation and Named Entity Recognition},
  author = {Levow, Gina-Anne},
  booktitle = {Proceedings of the Fifth {SIGHAN} Workshop on {C}hinese Language Processing},
  month = {jul},
  year = {2006},
  address = {Sydney, Australia},
  publisher = {Association for Computational Linguistics},
  pages = {108--117}
}

@inproceedings{peng-dredze-2016-improving,
  title = {Improving Named Entity Recognition for {C}hinese Social Media with Word Segmentation Representation Learning},
  author = {Peng, Nanyun and Dredze, Mark},
  booktitle = {Proceedings of the 54th Annual Meeting of the Association for Computational Linguistics (Volume 2: Short Papers)},
  month = {aug},
  year = {2016},
  address = {Berlin, Germany},
  publisher = {Association for Computational Linguistics},
  doi = {10.18653/v1/P16-2025},
  pages = {149--155}
}